@book{chiavenato2003introducao,
  title={Introdu{\c{c}}ao a Teoria Geral Da Administra{\c{c}}ao},
  author={Chiavenato, I.},
  isbn={9788535213485},
  url={https://books.google.com.br/books?id=p1v6UEVixy8C},
  year={2003},
  publisher={ELSEVIER EDITORA}
}
